@article{viola2004robust,
  title={Robust real-time face detection},
  author={Viola, Paul and Jones, Michael J},
  journal={International journal of computer vision},
  volume={57},
  number={2},
  pages={137--154},
  year={2004},
  publisher={Springer}
}
@inproceedings{zhang2017faceboxes,
  title={Faceboxes: A CPU real-time face detector with high accuracy},
  author={Zhang, Shifeng and Zhu, Xiangyu and Lei, Zhen and Shi, Hailin and Wang, Xiaobo and Li, Stan Z},
  booktitle={2017 IEEE International Joint Conference on Biometrics (IJCB)},
  pages={1--9},
  year={2017},
  organization={IEEE}
}
@inproceedings{ren2015faster,
  title={Faster r-cnn: Towards real-time object detection with region proposal networks},
  author={Ren, Shaoqing and He, Kaiming and Girshick, Ross and Sun, Jian},
  booktitle={Advances in neural information processing systems},
  pages={91--99},
  year={2015}
}
@inproceedings{li2019dsfd,
  title={DSFD: dual shot face detector},
  author={Li, Jian and Wang, Yabiao and Wang, Changan and Tai, Ying and Qian, Jianjun and Yang, Jian and Wang, Chengjie and Li, Jilin and Huang, Feiyue},
  booktitle={Proceedings of the IEEE Conference on Computer Vision and Pattern Recognition},
  pages={5060--5069},
  year={2019}
}
@article{bazarevsky2019blazeface,
  title={Blazeface: Sub-millisecond neural face detection on mobile gpus},
  author={Bazarevsky, Valentin and Kartynnik, Yury and Vakunov, Andrey and Raveendran, Karthik and Grundmann, Matthias},
  journal={arXiv preprint arXiv:1907.05047},
  year={2019}
}
@article{cho2018face,
  title={Face detection in nighttime images using visible-light camera sensors with two-step faster region-based convolutional neural network},
  author={Cho, Se Woon and Baek, Na Rae and Kim, Min Cheol and Koo, Ja Hyung and Kim, Jong Hyun and Park, Kang Ryoung},
  journal={Sensors},
  volume={18},
  number={9},
  pages={2995},
  year={2018},
  publisher={Multidisciplinary Digital Publishing Institute}
}
@article{bhowmik2011thermal,
  title={Thermal infrared face recognitionâ€”a biometric identification technique for robust security system},
  author={Bhowmik, Mrinal Kanti and Saha, Kankan and Majumder, Sharmistha and Majumder, Goutam and Saha, Ashim and Sarma, A Nath and Bhattacharjee, Debotosh and Basu, Dipak Kumar and Nasipuri, Mita},
  journal={Reviews, refinements and new ideas in face recognition},
  volume={7},
  year={2011},
  publisher={InTech London, United Kingdom}
}
@inproceedings{kang2015face,
  title={Face recognition in vehicles with near infrared frame differencing},
  author={Kang, Jinwoo and Anderson, David V and Hayes, Monson H},
  booktitle={2015 IEEE Signal Processing and Signal Processing Education Workshop (SP/SPE)},
  pages={358--363},
  year={2015},
  organization={IEEE}
}
@inproceedings{li2017real,
  title={Real-time face detection during the night},
  author={Li, Jianchao and Zhang, Dongping and Zhang, Kun and Hu, Kui and Yang, Li},
  booktitle={2017 4th International Conference on Systems and Informatics (ICSAI)},
  pages={582--586},
  year={2017},
  organization={IEEE}
}
@article{yang2020advancing,
  title={Advancing Image Understanding in Poor Visibility Environments: A Collective Benchmark Study},
  author={Yang, Wenhan and Yuan, Ye and Ren, Wenqi and Liu, Jiaying and Scheirer, Walter J and Wang, Zhangyang and Zhang, Taiheng and Zhong, Qiaoyong and Xie, Di and Pu, Shiliang and others},
  journal={IEEE Transactions on Image Processing},
  volume={29},
  pages={5737--5752},
  year={2020},
  publisher={IEEE}
}
@article{hummel1975image,
  title={Image enhancement by histogram transformation},
  author={Hummel, Robert},
  journal={ieht},
  year={1975}
}
@misc{gonzales2002digital,
  title={Digital image processing},
  author={Gonzales, Rafael C and Woods, Richard E},
  year={2002},
  publisher={Prentice hall New Jersey}
}
@article{land1977retinex,
  title={The retinex theory of color vision},
  author={Land, Edwin H},
  journal={Scientific american},
  volume={237},
  number={6},
  pages={108--129},
  year={1977},
  publisher={JSTOR}
}
@article{shen2017msr,
  title={Msr-net: Low-light image enhancement using deep convolutional network},
  author={Shen, Liang and Yue, Zihan and Feng, Fan and Chen, Quan and Liu, Shihao and Ma, Jie},
  journal={arXiv preprint arXiv:1711.02488},
  year={2017}
}
@article{wei2018deep,
  title={Deep retinex decomposition for low-light enhancement},
  author={Wei, Chen and Wang, Wenjing and Yang, Wenhan and Liu, Jiaying},
  journal={arXiv preprint arXiv:1808.04560},
  year={2018}
}
@article{cai2018learning,
  title={Learning a deep single image contrast enhancer from multi-exposure images},
  author={Cai, Jianrui and Gu, Shuhang and Zhang, Lei},
  journal={IEEE Transactions on Image Processing},
  volume={27},
  number={4},
  pages={2049--2062},
  year={2018},
  publisher={IEEE}
}
@article{lore2017llnet,
  title={LLNet: A deep autoencoder approach to natural low-light image enhancement},
  author={Lore, Kin Gwn and Akintayo, Adedotun and Sarkar, Soumik},
  journal={Pattern Recognition},
  volume={61},
  pages={650--662},
  year={2017},
  publisher={Elsevier}
}
@inproceedings{zhu2012face,
  title={Face detection, pose estimation, and landmark localization in the wild},
  author={Zhu, Xiangxin and Ramanan, Deva},
  booktitle={2012 IEEE conference on computer vision and pattern recognition},
  pages={2879--2886},
  year={2012},
  organization={IEEE}
}
@article{kalaiselvi2013face,
  title={Face recognition system under varying lighting conditions},
  author={Kalaiselvi, P and Nithya, S},
  journal={IOSR Journal of Computer Engineering (IOSRJCE)},
  volume={14},
  number={3},
  pages={79--88},
  year={2013}
}
@inproceedings{chen2018learning,
  title={Learning to see in the dark},
  author={Chen, Chen and Chen, Qifeng and Xu, Jia and Koltun, Vladlen},
  booktitle={Proceedings of the IEEE Conference on Computer Vision and Pattern Recognition},
  pages={3291--3300},
  year={2018}
}
@inproceedings{schroff2015facenet,
  title={Facenet: A unified embedding for face recognition and clustering},
  author={Schroff, Florian and Kalenichenko, Dmitry and Philbin, James},
  booktitle={Proceedings of the IEEE conference on computer vision and pattern recognition},
  pages={815--823},
  year={2015}
}
@inproceedings{yang2016wider,
  title={Wider face: A face detection benchmark},
  author={Yang, Shuo and Luo, Ping and Loy, Chen-Change and Tang, Xiaoou},
  booktitle={Proceedings of the IEEE conference on computer vision and pattern recognition},
  pages={5525--5533},
  year={2016}
}